@book{BS250,
  title={Nota katalogowa tranzystora pMOS BS250},
  author={Vishay Siliconix},
  url={https://www.vishay.com/docs/70209/70209.pdf},
  year={2004},
  publisher={Vishay Siliconix},
}

@book{2N7000,
  title={Nota katalogowa tranzystora pMOS 2N7000},
  author={ON Semiconductor},
  url={https://www.onsemi.com/pdf/datasheet/nds7002a-d.pdf},
  year={2019},
  publisher={ON Semiconductor},
}

@book{BS170,
  title={Nota katalogowa tranzystora nMOS BS170},
  author={ON Semiconductor},
  url={https://www.farnell.com/datasheets/2304244.pdf},
  year={2010},
  publisher={ON Semiconductor},
}

@book{tranzystory,
  title={Tranzystory dla początkujacych},
  author={Elektronika dla Wszystkich},
  url={https://edw.elportal.pl/pdf/k01/54_07.pdf},
  year={2000},
  publisher={Elektronika dla Wszystkich},
}

@book{proste,
  title={Tranzystor ależ to bardzo proste},
  author={E. AISBERG},
  url={https://docer.pl/doc/s0115x},
  year={1969},
  publisher={Wydawnictwo Naukowo Techniczne},
}