@book{bolkowski1986teoria,
  title={Teoria obwod{\'o}w elektrycznych},
  author={Bolkowski, S.},
  number={t. 1},
  isbn={9788320407334},
  series={Elektrotechnika teoretyczna},
  url={https://books.google.pl/books?id=iUFntwAACAAJ},
  year={1986},
  publisher={Wydawnictwa Naukowo-Techniczne}
}
