@book{kondensatorki,
  title={Jak bezpiecznie rozładować kondensator},
  author={},
  url={https://www.tme.eu/pl/news/library-articles/page/22156/Jak-bezpiecznie-rozladowac-kondensator/},
  year={2020},
  publisher={TME}
}
@book{openstax,
  title={Fizyka dla szkół wyższych. Tom 2},
  author={William Moebs},
  url={https://openstax.org/books/fizyka-dla-szkół-wyższych-tom-2/pages/1-wstep},
  year={2018},
  publisher={OpenStax Poland}
}
@book(elektronika,
	title={Elektronika dla bystrzaków},
	author={Cathleen Shamieh, Gordon McComb},
	year={2012},
	publisher={Helion}
)
@book(mieczyslaw,
	title={Podstawy naukowe elektrotechniki łącznie z zasadami pomiarów},
	author={Mieczysław Pożaryski},
	year={1915},
	publisher={BCPW}
)